@incollection{
year={1993},
isbn={978-94-010-4788-3},
booktitle={Ocean Colour: Theory and Applications in a Decade of CZCS Experience},
volume={3},
series={Eurocourses: Remote Sensing},
editor={Barale, Vittorio and Schlittenhardt, PeterM.},
doi={10.1007/978-94-011-1791-3_3},
title={Radiative Transfer in the Atmosphere for Correction of Ocean Color Remote Sensors},
url={http://dx.doi.org/10.1007/978-94-011-1791-3_3},
publisher={Springer Netherlands},
author={Gordon, H.R.},
pages={33-77},
language={English}
}
